@ARTICLE{El-Badry:2018,
   author = {{El-Badry}, K. and {Ting}, Y.-S. and {Rix}, H.-W. and {Quataert}, E. and 
	{Weisz}, D.~R. and {Cargile}, P. and {Conroy}, C. and {Hogg}, D.~W. and 
	{Bergemann}, M. and {Liu}, C.},
    title = "{Discovery and characterization of 3000+ main-sequence binaries from APOGEE spectra}",
  journal = {\mnras},
archivePrefix = "arXiv",
   eprint = {1711.08793},
 primaryClass = "astro-ph.SR",
 keywords = {methods: data analysis, binaries: spectroscopic, Galaxy: stellar content},
     year = 2018,
    month = may,
   volume = 476,
    pages = {528-553},
      doi = {10.1093/mnras/sty240},
   adsurl = {http://adsabs.harvard.edu/abs/2018MNRAS.476..528E},
  adsnote = {Provided by the SAO/NASA Astrophysics Data System}
}

@ARTICLE{Troup:2016,
   author = {{Troup}, N.~W. and {Nidever}, D.~L. and {De Lee}, N. and {Carlberg}, J. and 
	{Majewski}, S.~R. and {Fernandez}, M. and {Covey}, K. and {Chojnowski}, S.~D. and 
	{Pepper}, J. and {Nguyen}, D.~T. and {Stassun}, K. and {Nguyen}, D.~C. and 
	{Wisniewski}, J.~P. and {Fleming}, S.~W. and {Bizyaev}, D. and 
	{Frinchaboy}, P.~M. and {Garc{\'{\i}}a-Hern{\'a}ndez}, D.~A. and 
	{Ge}, J. and {Hearty}, F. and {Meszaros}, S. and {Pan}, K. and 
	{Allende Prieto}, C. and {Schneider}, D.~P. and {Shetrone}, M.~D. and 
	{Skrutskie}, M.~F. and {Wilson}, J. and {Zamora}, O.},
    title = "{Companions to APOGEE Stars. I. A Milky Way-spanning Catalog of Stellar and Substellar Companion Candidates and Their Diverse Hosts}",
  journal = {\aj},
archivePrefix = "arXiv",
   eprint = {1601.00688},
 primaryClass = "astro-ph.SR",
 keywords = {binaries: close, binaries: spectroscopic, brown dwarfs, Galaxy: stellar content, planetary systems},
     year = 2016,
    month = mar,
   volume = 151,
      eid = {85},
    pages = {85},
      doi = {10.3847/0004-6256/151/3/85},
   adsurl = {http://adsabs.harvard.edu/abs/2016AJ....151...85T},
  adsnote = {Provided by the SAO/NASA Astrophysics Data System}
}


@ARTICLE{Raghavan:2010,
   author = {{Raghavan}, D. and {McAlister}, H.~A. and {Henry}, T.~J. and 
	{Latham}, D.~W. and {Marcy}, G.~W. and {Mason}, B.~D. and {Gies}, D.~R. and 
	{White}, R.~J. and {ten Brummelaar}, T.~A.},
    title = "{A Survey of Stellar Families: Multiplicity of Solar-type Stars}",
  journal = {\apjs},
archivePrefix = "arXiv",
   eprint = {1007.0414},
 primaryClass = "astro-ph.SR",
 keywords = {binaries: general, planetary systems, stars: solar-type, stars: statistics, surveys},
     year = 2010,
    month = sep,
   volume = 190,
    pages = {1-42},
      doi = {10.1088/0067-0049/190/1/1},
   adsurl = {http://adsabs.harvard.edu/abs/2010ApJS..190....1R},
  adsnote = {Provided by the SAO/NASA Astrophysics Data System}
}


@ARTICLE{Badenes:2018,
   author = {{Badenes}, C. and {Mazzola}, C. and {Thompson}, T.~A. and {Covey}, K. and 
	{Freeman}, P.~E. and {Walker}, M.~G. and {Moe}, M. and {Troup}, N. and 
	{Nidever}, D. and {Allende Prieto}, C. and {Andrews}, B. and 
	{Barb{\'a}}, R.~H. and {Beers}, T.~C. and {Bovy}, J. and {Carlberg}, J.~K. and 
	{De Lee}, N. and {Johnson}, J. and {Lewis}, H. and {Majewski}, S.~R. and 
	{Pinsonneault}, M. and {Sobeck}, J. and {Stassun}, K.~G. and 
	{Stringfellow}, G.~S. and {Zasowski}, G.},
    title = "{Stellar Multiplicity Meets Stellar Evolution and Metallicity: The APOGEE View}",
  journal = {\apj},
archivePrefix = "arXiv",
   eprint = {1711.00660},
 primaryClass = "astro-ph.SR",
 keywords = {binaries: close, binaries: spectroscopic, stars: evolution, stars: fundamental parameters },
     year = 2018,
    month = feb,
   volume = 854,
      eid = {147},
    pages = {147},
      doi = {10.3847/1538-4357/aaa765},
   adsurl = {http://adsabs.harvard.edu/abs/2018ApJ...854..147B},
  adsnote = {Provided by the SAO/NASA Astrophysics Data System}
}


@ARTICLE{Cropper:2018,
   author = {{Cropper}, M. and {Katz}, D. and {Sartoretti}, P. and {Prusti}, T. and 
	{de Bruijne}, J.~H.~J. and {Chassat}, F. and {Charvet}, P. and 
	{Boyadijan}, J. and {Perryman}, M. and {Sarri}, G. and {Gare}, P. and 
	{Erdmann}, M. and {Munari}, U. and {Zwitter}, T. and {Wilkinson}, M. and 
	{Arenou}, F. and {Vallenari}, A. and {G{\'o}mez}, A. and {Panuzzo}, P. and 
	{Seabroke}, G. and {Allende Prieto}, C. and {Benson}, K. and 
	{Marchal}, O. and {Huckle}, H. and {Smith}, M. and {Dolding}, C. and 
	{Jan{\ss}en}, K. and {Viala}, Y. and {Blomme}, R. and {Baker}, S. and 
	{Boudreault}, S. and {Crifo}, F. and {Soubiran}, C. and {Fr{\'e}mat}, Y. and 
	{Jasniewicz}, G. and {Guerrier}, A. and {Guy}, L.~P. and {Turon}, C. and 
	{Jean-Antoine-Piccolo}, A. and {Th{\'e}venin}, F. and {David}, M. and 
	{Gosset}, E. and {Damerdji}, Y.},
    title = "{Gaia Radial Velocity Spectrometer}",
  journal = {ArXiv e-prints},
archivePrefix = "arXiv",
   eprint = {1804.09369},
 primaryClass = "astro-ph.IM",
 keywords = {Astrophysics - Instrumentation and Methods for Astrophysics},
     year = 2018,
    month = apr,
   adsurl = {http://adsabs.harvard.edu/abs/2018arXiv180409369C},
  adsnote = {Provided by the SAO/NASA Astrophysics Data System}
}


@conference{jupyter-notebooks,
	Author = {Thomas Kluyver and Benjamin Ragan-Kelley and Fernando P{\'e}rez and Brian Granger and Matthias Bussonnier and Jonathan Frederic and Kyle Kelley and Jessica Hamrick and Jason Grout and Sylvain Corlay and Paul Ivanov and Dami{\'a}n Avila and Safia Abdalla and Carol Willing},
	Booktitle = {Positioning and Power in Academic Publishing: Players, Agents and Agendas},
	Editor = {F. Loizides and B. Schmidt},
	Organization = {IOS Press},
	Pages = {87 - 90},
	Title = {Jupyter Notebooks -- a publishing format for reproducible computational workflows},
	Year = {2016}}
	
@misc{tensorflow,
title={ {TensorFlow}: Large-Scale Machine Learning on Heterogeneous Systems},
url={https://www.tensorflow.org/},
note={Software available from tensorflow.org},
author={
    Mart\'{\i}n~Abadi and
    Ashish~Agarwal and
    Paul~Barham and
    Eugene~Brevdo and
    Zhifeng~Chen and
    Craig~Citro and
    Greg~S.~Corrado and
    Andy~Davis and
    Jeffrey~Dean and
    Matthieu~Devin and
    Sanjay~Ghemawat and
    Ian~Goodfellow and
    Andrew~Harp and
    Geoffrey~Irving and
    Michael~Isard and
    Yangqing Jia and
    Rafal~Jozefowicz and
    Lukasz~Kaiser and
    Manjunath~Kudlur and
    Josh~Levenberg and
    Dandelion~Man\'{e} and
    Rajat~Monga and
    Sherry~Moore and
    Derek~Murray and
    Chris~Olah and
    Mike~Schuster and
    Jonathon~Shlens and
    Benoit~Steiner and
    Ilya~Sutskever and
    Kunal~Talwar and
    Paul~Tucker and
    Vincent~Vanhoucke and
    Vijay~Vasudevan and
    Fernanda~Vi\'{e}gas and
    Oriol~Vinyals and
    Pete~Warden and
    Martin~Wattenberg and
    Martin~Wicke and
    Yuan~Yu and
    Xiaoqiang~Zheng},
  year={2015},
}

@article{Lindegren:2018,
	Adsnote = {Provided by the SAO/NASA Astrophysics Data System},
	Adsurl = {http://adsabs.harvard.edu/abs/2018arXiv180409366L},
	Archiveprefix = {arXiv},
	Author = {{Lindegren}, L. and {Hernandez}, J. and {Bombrun}, A. and {Klioner}, S. and {Bastian}, U. and {Ramos-Lerate}, M. and {de Torres}, A. and {Steidelmuller}, H. and {Stephenson}, C. and {Hobbs}, D. and {Lammers}, U. and {Biermann}, M. and {Geyer}, R. and {Hilger}, T. and {Michalik}, D. and {Stampa}, U. and {McMillan}, P.~J. and {Castaneda}, J. and {Clotet}, M. and {Comoretto}, G. and {Davidson}, M. and {Fabricius}, C. and {Gracia}, G. and {Hambly}, N.~C. and {Hutton}, A. and {Mora}, A. and {Portell}, J. and {van Leeuwen}, F. and {Abbas}, U. and {Abreu}, A. and {Altmann}, M. and {Andrei}, A. and {Anglada}, E. and {Balaguer-Nunez}, L. and {Barache}, C. and {Becciani}, U. and {Bertone}, S. and {Bianchi}, L. and {Bouquillon}, S. and {Bourda}, G. and {Brusemeister}, T. and {Bucciarelli}, B. and {Busonero}, D. and {Buzzi}, R. and {Cancelliere}, R. and {Carlucci}, T. and {Charlot}, P. and {Cheek}, N. and {Crosta}, M. and {Crowley}, C. and {de Bruijne}, J. and {de Felice}, F. and {Drimmel}, R. and {Esquej}, P. and {Fienga}, A. and {Fraile}, E. and {Gai}, M. and {Garralda}, N. and {Gonzalez-Vidal}, J.~J. and {Guerra}, R. and {Hauser}, M. and {Hofmann}, W. and {Holl}, B. and {Jordan}, S. and {Lattanzi}, M.~G. and {Lenhardt}, H. and {Liao}, S. and {Licata}, E. and {Lister}, T. and {Loffler}, W. and {Marchant}, J. and {Martin-Fleitas}, J.-M. and {Messineo}, R. and {Mignard}, F. and {Morbidelli}, R. and {Poggio}, E. and {Riva}, A. and {Rowell}, N. and {Salguero}, E. and {Sarasso}, M. and {Sciacca}, E. and {Siddiqui}, H. and {Smart}, R.~L. and {Spagna}, A. and {Steele}, I. and {Taris}, F. and {Torra}, J. and {van Elteren}, A. and {van Reeven}, W. and {Vecchiato}, A.},
	Date-Added = {2018-04-28 21:42:51 +0000},
	Date-Modified = {2018-04-28 21:42:52 +0000},
	Eprint = {1804.09366},
	Journal = {ArXiv e-prints},
	Keywords = {Astrophysics - Instrumentation and Methods for Astrophysics},
	Month = apr,
	Primaryclass = {astro-ph.IM},
	Title = {{Gaia Data Release 2: The astrometric solution}},
	Year = 2018}

@article{Gaia-Collaboration:2018,
	Adsnote = {Provided by the SAO/NASA Astrophysics Data System},
	Adsurl = {http://adsabs.harvard.edu/abs/2018arXiv180409365G},
	Archiveprefix = {arXiv},
	Author = {{Gaia Collaboration} and {Brown}, A.~G.~A. and {Vallenari}, A. and {Prusti}, T. and {de Bruijne}, J.~H.~J. and {Babusiaux}, C. and {Bailer-Jones}, C.~A.~L.},
	Date-Added = {2018-04-28 21:42:31 +0000},
	Date-Modified = {2018-04-28 21:42:32 +0000},
	Eprint = {1804.09365},
	Journal = {ArXiv e-prints},
	Keywords = {Astrophysics - Astrophysics of Galaxies, Astrophysics - Instrumentation and Methods for Astrophysics},
	Month = apr,
	Title = {{Gaia Data Release 2. Summary of the contents and survey properties}},
	Year = 2018}

@ARTICLE{Michalik:2015,
   author = {{Michalik}, D. and {Lindegren}, L. and {Hobbs}, D.},
    title = "{The Tycho-Gaia astrometric solution . How to get 2.5 million parallaxes with less than one year of Gaia data}",
  journal = {\aap},
archivePrefix = "arXiv",
   eprint = {1412.8770},
 primaryClass = "astro-ph.IM",
 keywords = {astrometry, methods: data analysis, methods: numerical, space vehicles: instruments, parallaxes, proper motions},
     year = 2015,
    month = feb,
   volume = 574,
      eid = {A115},
    pages = {A115},
      doi = {10.1051/0004-6361/201425310},
   adsurl = {http://adsabs.harvard.edu/abs/2015A%26A...574A.115M},
  adsnote = {Provided by the SAO/NASA Astrophysics Data System}
}

@ARTICLE{Butler:1996,
   author = {{Butler}, R.~P. and {Marcy}, G.~W.},
    title = "{A Planet Orbiting 47 Ursae Majoris}",
  journal = {\apjl},
 keywords = {STARS: PLANETARY SYSTEMS, STARS: LOW-MASS, BROWN DWARFS},
     year = 1996,
    month = jun,
   volume = 464,
    pages = {L153},
      doi = {10.1086/310102},
   adsurl = {http://adsabs.harvard.edu/abs/1996ApJ...464L.153B},
  adsnote = {Provided by the SAO/NASA Astrophysics Data System}
}


@ARTICLE{Muterspaugh:2010,
   author = {{Muterspaugh}, M.~W. and {Lane}, B.~F. and {Kulkarni}, S.~R. and 
	{Konacki}, M. and {Burke}, B.~F. and {Colavita}, M.~M. and {Shao}, M. and 
	{Hartkopf}, W.~I. and {Boss}, A.~P. and {Williamson}, M.},
    title = "{The Phases Differential Astrometry Data Archive. V. Candidate Substellar Companions to Binary Systems}",
  journal = {\aj},
archivePrefix = "arXiv",
   eprint = {1010.4048},
 primaryClass = "astro-ph.SR",
 keywords = {astrometry, binaries: close, binaries: visual, techniques: interferometric},
     year = 2010,
    month = dec,
   volume = 140,
    pages = {1657-1671},
      doi = {10.1088/0004-6256/140/6/1657},
   adsurl = {http://adsabs.harvard.edu/abs/2010AJ....140.1657M},
  adsnote = {Provided by the SAO/NASA Astrophysics Data System}
}

@ARTICLE{Lindegren:2016,
       author = {{Lindegren}, L. and {Lammers}, U. and {Bastian}, U. and {Hern{\'a}ndez},
        J. and {Klioner}, S. and {Hobbs}, D. and {Bombrun}, A. and
        {Michalik}, D. and {Ramos-Lerate}, M. and {Butkevich}, A. and
        {Comoretto}, G. and {Joliet}, E. and {Holl}, B. and {Hutton}, A.
        and {Parsons}, P. and {Steidelm{\"u}ller}, H. and {Abbas}, U.
        and {Altmann}, M. and {Andrei}, A. and {Anton}, S. and {Bach},
        N. and {Barache}, C. and {Becciani}, U. and {Berthier}, J. and
        {Bianchi}, L. and {Biermann}, M. and {Bouquillon}, S. and
        {Bourda}, G. and {Br{\"u}semeister}, T. and {Bucciarelli}, B.
        and {Busonero}, D. and {Carlucci}, T. and {Casta{\~n}eda}, J.
        and {Charlot}, P. and {Clotet}, M. and {Crosta}, M. and
        {Davidson}, M. and {de Felice}, F. and {Drimmel}, R. and
        {Fabricius}, C. and {Fienga}, A. and {Figueras}, F. and
        {Fraile}, E. and {Gai}, M. and {Garralda}, N. and {Geyer}, R.
        and {Gonz{\'a}lez-Vidal}, J.~J. and {Guerra}, R. and {Hambly},
        N.~C. and {Hauser}, M. and {Jordan}, S. and {Lattanzi}, M.~G.
        and {Lenhardt}, H. and {Liao}, S. and {L{\"o}ffler}, W. and
        {McMillan}, P.~J. and {Mignard}, F. and {Mora}, A. and
        {Morbidelli}, R. and {Portell}, J. and {Riva}, A. and {Sarasso},
        M. and {Serraller}, I. and {Siddiqui}, H. and {Smart}, R. and
        {Spagna}, A. and {Stampa}, U. and {Steele}, I. and {Taris}, F.
        and {Torra}, J. and {van Reeven}, W. and {Vecchiato}, A. and
        {Zschocke}, S. and {de Bruijne}, J. and {Gracia}, G. and
        {Raison}, F. and {Lister}, T. and {Marchant}, J. and {Messineo},
        R. and {Soffel}, M. and {Osorio}, J. and {de Torres}, A. and
        {O'Mullane}, W.},
        title = "{Gaia Data Release 1. Astrometry: one billion positions, two million
        proper motions and parallaxes}",
      journal = {\aap},
     keywords = {astrometry, parallaxes, proper motions, methods: data analysis, space
        vehicles: instruments, reference systems, Astrophysics -
        Astrophysics of Galaxies, Astrophysics - Instrumentation and
        Methods for Astrophysics},
         year = 2016,
        month = Nov,
       volume = {595},
          eid = {A4},
        pages = {A4},
          doi = {10.1051/0004-6361/201628714},
       adsurl = {https://ui.adsabs.harvard.edu/#abs/2016A&A...595A...4L},
      adsnote = {Provided by the SAO/NASA Astrophysics Data System}
}


@MISC{Foreman-Mackey:2015,
       author = {{Foreman-Mackey}, Daniel},
        title = "{George: Gaussian Process regression}",
     keywords = {Software},
 howpublished = {Astrophysics Source Code Library},
         year = 2015,
        month = Nov,
          eid = {ascl:1511.015},
        pages = {ascl:1511.015},
archivePrefix = {ascl},
       eprint = {1511.015},
       adsurl = {https://ui.adsabs.harvard.edu/#abs/2015ascl.soft11015F},
      adsnote = {Provided by the SAO/NASA Astrophysics Data System}
}

@article{Fletcher:1970,
author = {Fletcher, R.},
title = {A new approach to variable metric algorithms},
journal = {The Computer Journal},
volume = {13},
number = {3},
pages = {317-322},
year = {1970},
doi = {10.1093/comjnl/13.3.317},
URL = {http://dx.doi.org/10.1093/comjnl/13.3.317},
eprint = {/oup/backfile/content_public/journal/comjnl/13/3/10.1093/comjnl/13.3.317/2/130317.pdf}
}

@article{Broyden:1970,
author = {Broyden, C. G.},
title = {The Convergence of a Class of Double-rank Minimization Algorithms 1. General Considerations},
journal = {IMA Journal of Applied Mathematics},
volume = {6},
number = {1},
pages = {76-90},
year = {1970},
doi = {10.1093/imamat/6.1.76},
URL = {http://dx.doi.org/10.1093/imamat/6.1.76},
eprint = {/oup/backfile/content_public/journal/imamat/6/1/10.1093/imamat/6.1.76/2/6-1-76.pdf}
}

@article{Goldfarb:1970,
  doi = {10.1090/s0025-5718-1970-0258249-6},
  url = {https://doi.org/10.1090/s0025-5718-1970-0258249-6},
  year  = {1970},
  month = {jan},
  publisher = {American Mathematical Society ({AMS})},
  volume = {24},
  number = {109},
  pages = {23--23},
  author = {Donald Goldfarb},
  title = {A family of variable-metric methods derived by variational means},
  journal = {Mathematics of Computation}
}
@article{Shanno:1970,
  doi = {10.1090/s0025-5718-1970-0274029-x},
  url = {https://doi.org/10.1090/s0025-5718-1970-0274029-x},
  year  = {1970},
  month = {sep},
  publisher = {American Mathematical Society ({AMS})},
  volume = {24},
  number = {111},
  pages = {647--647},
  author = {D. F. Shanno},
  title = {Conditioning of quasi-Newton methods for function minimization},
  journal = {Mathematics of Computation}
}
@book{Nocedal:2006,
  author = {{Nocedal}, J. and {Wright}, S.},
  doi = {10.1007/978-0-387-40065-5},
  url = {https://doi.org/10.1007/978-0-387-40065-5},
  year  = {2006},
  publisher = {Springer New York},
  title = {Numerical Optimization}
}
@ARTICLE{Saldago:2017,
       author = {{Salgado}, J. and {Gonz{\'a}lez-N{\'u}{\~n}ez}, J. and
        {Guti{\'e}rrez-S{\'a}nchez}, R. and {Segovia}, J.~C. and
        {Dur{\'a}n}, J. and {Hern{\'a}ndez}, J.~L. and {Arviset}, C.},
        title = "{The ESA Gaia Archive: Data Release 1}",
      journal = {Astronomy and Computing},
     keywords = {Gaia, DR1, Archive, TAP, Astrophysics - Instrumentation and Methods for
        Astrophysics},
         year = 2017,
        month = Oct,
       volume = {21},
        pages = {22-26},
          doi = {10.1016/j.ascom.2017.08.002},
 primaryClass = {astro-ph.IM},
       adsurl = {https://ui.adsabs.harvard.edu/#abs/2017A&C....21...22S},
      adsnote = {Provided by the SAO/NASA Astrophysics Data System}
}



@ARTICLE{Ambikasaran:2015,
   author = {{Ambikasaran}, S. and {Foreman-Mackey}, D. and {Greengard}, L. and 
	{Hogg}, D.~W. and {O'Neil}, M.},
    title = "{Fast Direct Methods for Gaussian Processes}",
  journal = {IEEE Transactions on Pattern Analysis and Machine Intelligence},
archivePrefix = "arXiv",
   eprint = {1403.6015},
 primaryClass = "math.NA",
 keywords = {Mathematics - Numerical Analysis, Astrophysics - Instrumentation and Methods for Astrophysics, Mathematics - Statistics Theory  },
     year = 2015,
    month = jun,
   volume = 38,
      doi = {10.1109/TPAMI.2015.2448083},
   adsurl = {http://adsabs.harvard.edu/abs/2015ITPAM..38..252A},
  adsnote = {Provided by the SAO/NASA Astrophysics Data System}
}


@ARTICLE{Price-Whelan:2018,
   author = {{Price-Whelan}, A.~M. and {Hogg}, D.~W. and {Rix}, H.-W. and 
	{De Lee}, N. and {Majewski}, S.~R. and {Nidever}, D.~L. and 
	{Troup}, N. and {Fern{\'a}ndez-Trincado}, J.~G. and {Garc{\'{\i}}a-Hern{\'a}ndez}, D.~A. and 
	{Longa-Pe{\~n}a}, P. and {Nitschelm}, C. and {Sobeck}, J. and 
	{Zamora}, O.},
    title = "{Binary Companions of Evolved Stars in APOGEE DR14: Search Method and Catalog of {\sim}5000 Companions}",
  journal = {\aj},
archivePrefix = "arXiv",
   eprint = {1804.04662},
 primaryClass = "astro-ph.SR",
 keywords = {binaries: spectroscopic, methods: data analysis, methods: statistical, planets and satellites: fundamental parameters, surveys, techniques: radial velocities },
     year = 2018,
    month = jul,
   volume = 156,
      eid = {18},
    pages = {18},
      doi = {10.3847/1538-3881/aac387},
   adsurl = {http://adsabs.harvard.edu/abs/2018AJ....156...18P},
  adsnote = {Provided by the SAO/NASA Astrophysics Data System}
}


@article{astropy:v1,
	Adsnote = {Provided by the SAO/NASA Astrophysics Data System},
	Adsurl = {http://adsabs.harvard.edu/abs/2013A%26A...558A..33A},
	Archiveprefix = {arXiv},
	Author = {{Astropy Collaboration} and {Robitaille}, T.~P. and {Tollerud}, E.~J. and {Greenfield}, P. and {Droettboom}, M. and {Bray}, E. and {Aldcroft}, T. and {Davis}, M. and {Ginsburg}, A. and {Price-Whelan}, A.~M. and {Kerzendorf}, W.~E. and {Conley}, A. and {Crighton}, N. and {Barbary}, K. and {Muna}, D. and {Ferguson}, H. and {Grollier}, F. and {Parikh}, M.~M. and {Nair}, P.~H. and {Unther}, H.~M. and {Deil}, C. and {Woillez}, J. and {Conseil}, S. and {Kramer}, R. and {Turner}, J.~E.~H. and {Singer}, L. and {Fox}, R. and {Weaver}, B.~A. and {Zabalza}, V. and {Edwards}, Z.~I. and {Azalee Bostroem}, K. and {Burke}, D.~J. and {Casey}, A.~R. and {Crawford}, S.~M. and {Dencheva}, N. and {Ely}, J. and {Jenness}, T. and {Labrie}, K. and {Lim}, P.~L. and {Pierfederici}, F. and {Pontzen}, A. and {Ptak}, A. and {Refsdal}, B. and {Servillat}, M. and {Streicher}, O.},
	Doi = {10.1051/0004-6361/201322068},
	Eid = {A33},
	Eprint = {1307.6212},
	Journal = {\aap},
	Keywords = {methods: data analysis, methods: miscellaneous, virtual observatory tools},
	Month = oct,
	Pages = {A33},
	Primaryclass = {astro-ph.IM},
	Title = {{Astropy: A community Python package for astronomy}},
	Volume = 558,
	Year = 2013,
	Bdsk-Url-1 = {https://dx.doi.org/10.1051/0004-6361/201322068}}

@article{mpl,
	Adsnote = {Provided by the SAO/NASA Astrophysics Data System},
	Adsurl = {http://adsabs.harvard.edu/abs/2007CSE.....9...90H},
	Author = {{Hunter}, J.~D.},
	Doi = {10.1109/MCSE.2007.55},
	Journal = {Computing in Science and Engineering},
	Keywords = {Python, Scripting languages, Application development, Scientific programming},
	Month = may,
	Pages = {90-95},
	Title = {{Matplotlib: A 2D Graphics Environment}},
	Volume = 9,
	Year = 2007,
	Bdsk-Url-1 = {https://dx.doi.org/10.1109/MCSE.2007.55}}

@article{numpy,
	Acmid = {1957466},
	Address = {Piscataway, NJ, USA},
	Author = {Walt, Stefan van der and Colbert, S. Chris and Varoquaux, Gael},
	Doi = {10.1109/MCSE.2011.37},
	Issn = {1521-9615},
	Issue_Date = {March 2011},
	Journal = {Computing in Science and Engg.},
	Keywords = {NumPy, Python, Python, NumPy, scientific programming, numerical computations, programming libraries, numerical computations, programming libraries, scientific programming},
	Month = mar,
	Number = {2},
	Numpages = {9},
	Pages = {22--30},
	Publisher = {IEEE Educational Activities Department},
	Title = {The NumPy Array: A Structure for Efficient Numerical Computation},
	Url = {http://dx.doi.org/10.1109/MCSE.2011.37},
	Volume = {13},
	Year = {2011},
	Bdsk-Url-1 = {http://dx.doi.org/10.1109/MCSE.2011.37}}

@misc{scipy,
	Author = {Eric Jones and Travis Oliphant and Pearu Peterson and others},
	Title = {{SciPy}: Open source scientific tools for {Python}},
	Url = {http://www.scipy.org/},
	Year = {2001--},
	Bdsk-Url-1 = {http://www.scipy.org/}}

@article{gala,
	Adsnote = {Provided by the SAO/NASA Astrophysics Data System},
	Adsurl = {http://adsabs.harvard.edu/abs/2017JOSS....2..388P},
	Author = {{Price-Whelan}, A.~M.},
	Doi = {10.21105/joss.00388},
	Eid = {388},
	Journal = {The Journal of Open Source Software},
	Keywords = {galactic dynamics, python, stellar kinematics},
	Month = oct,
	Pages = {388},
	Title = {{Gala: A Python package for galactic dynamics}},
	Volume = 2,
	Year = 2017,
	Bdsk-Url-1 = {https://dx.doi.org/10.21105/joss.00388}}

@article{ipython,
	Author = {P\'erez, Fernando and Granger, Brian E.},
	Date-Added = {2017-08-04 07:38:09 +0000},
	Date-Modified = {2017-08-04 07:38:09 +0000},
	Doi = {10.1109/MCSE.2007.53},
	Issn = {1521-9615},
	Journal = {Computing in Science and Engineering},
	Month = may,
	Number = {3},
	Pages = {21--29},
	Publisher = {IEEE Computer Society},
	Title = {{IP}ython: a System for Interactive Scientific Computing},
	Url = {http://ipython.org},
	Volume = {9},
	Year = 2007,
	Bdsk-Url-1 = {http://ipython.org},
	Bdsk-Url-2 = {http://dx.doi.org/10.1109/MCSE.2007.53}}


@article{cosmohub,
      author         = "Carretero, Jorge and others",
      title          = "{CosmoHub and SciPIC: Massive cosmological data analysis,
                        distribution and generation using a Big Data platform}",
      booktitle      = "{Proceedings, 2017 European Physical Society Conference
                        on High Energy Physics (EPS-HEP 2017): Venice, Italy, July
                        5-12, 2017}",
      journal        = "PoS",
      volume         = "EPS-HEP2017",
      year           = "2017",
      pages          = "488",
      doi            = "10.22323/1.314.0488",
      SLACcitation   = "%%CITATION = POSCI,EPS-HEP2017,488;%%"
}

@article{stan,
	Author = {{Carpenter}, L. and {Gelman}, A. and {Hoffman} M. and {Lee}, D. and {Goodrich}, B. and {Betancourt}, M. and {Brubaker}, {Guo}, M. J. and {Li}, P. and {Riddell}, P.},
	Year = {2017},
	Title = {{Stan}: A probabilistic programming language.},
	Journal = {Journal of Statistical Software},
	Volume = {76},
	Issue = {1},
	Doi = {10.18637/jss.v076.i01}
}
